
@article{rawshani2017diabetes,
  title={Mortality and Cardiovascular Disease in Type 1 and Type 2 Diabetes},
  author={Rawshani, Aidin and Rawshani, Araz and Franz{\'e}n, Stefan},
  journal={New England Journal of Medicine},
  volume={376},
  number={15},
  pages={1407--1418},
  year={2017},
  publisher={Massachusetts Medical Society}
}

@article{donath2011inflammation,
  title={Type 2 diabetes as an inflammatory disease},
  author={Donath, Marc Y and Shoelson, Steven E},
  journal={Nature Reviews Immunology},
  volume={11},
  number={2},
  pages={98--107},
  year={2011},
  publisher={Springer}
}
